<mx:record xmlns="http://www.w3.org/TR/xhtml1/strict" xmlns:mx="http://www.loc.gov/MARC21/slim" xmlns:xsi="http://www.w3.org/2001/XMLSchema-instance"><mx:leader>00000cz  a2200000n  45 0</mx:leader><mx:controlfield tag="001">oca05806629 </mx:controlfield><mx:controlfield tag="005">20020708083308.0</mx:controlfield><mx:controlfield tag="008">020708n| acannaabn          |a aaa      </mx:controlfield><mx:datafield ind1=" " ind2=" " tag="010"><mx:subfield code="a">n 2002028583</mx:subfield></mx:datafield><mx:datafield ind1=" " ind2=" " tag="040"><mx:subfield code="a">DLC</mx:subfield><mx:subfield code="b">eng</mx:subfield><mx:subfield code="c">DLC</mx:subfield></mx:datafield><mx:datafield ind1="0" ind2=" " tag="100"><mx:subfield code="a">Sophron,</mx:subfield><mx:subfield code="d">ca. 470-400 B.C.</mx:subfield></mx:datafield><mx:datafield ind1="0" ind2=" " tag="400"><mx:subfield code="a">Sòfrone,</mx:subfield><mx:subfield code="d">ca. 470-400 B.C.</mx:subfield></mx:datafield><mx:datafield ind1=" " ind2=" " tag="670"><mx:subfield code="a">Theophrastus. Characters, 2002:</mx:subfield><mx:subfield code="b">t.p. (Sophron)</mx:subfield></mx:datafield><mx:datafield ind1=" " ind2=" " tag="670"><mx:subfield code="a">Oxford classical dic., 1949:</mx:subfield><mx:subfield code="b">p. 851 (Sophron; c. 470-400 B.C.; Syracusan writer of mimes)</mx:subfield></mx:datafield><mx:datafield ind1=" " ind2=" " tag="670"><mx:subfield code="a">La bibliografia del mimografo Sòfrone, 1953.</mx:subfield></mx:datafield><mx:datafield ind1=" " ind2=" " tag="999"><mx:subfield code="a">265</mx:subfield></mx:datafield></mx:record>